<collection xmlns="http://www.loc.gov/MARC21/slim">
<record>
  <leader>01518nam0a22003011i 450 </leader>
  <controlfield tag="001">IT\ICCU\CNCE\049815</controlfield>
  <controlfield tag="005">20120228000000.0</controlfield>
  <datafield tag="012" ind1=" " ind2=" ">
    <subfield code="a">7.la e-n- eso. Dido (3) 1580 (R)</subfield>
    <subfield code="2">fei</subfield>
  </datafield>
  <datafield tag="100" ind1=" " ind2=" ">
    <subfield code="a">19991125d1580        0itac0103    ba</subfield>
  </datafield>
  <datafield tag="101" ind1=" " ind2=" ">
    <subfield code="a">ITA</subfield>
  </datafield>
  <datafield tag="102" ind1=" " ind2=" ">
    <subfield code="a">IT</subfield>
  </datafield>
  <datafield tag="200" ind1="1" ind2=" ">
    <subfield code="a">Interrogatorio della dottrina christiana. Visto, et corretto per ordine dell&apos;illustrissimo ... cardinal Borromeo ... in essecutione del concilio prouinciale dell&apos;anno MDLXIX. Di nouo ristampato l&apos;anno 1580</subfield>
  </datafield>
  <datafield tag="210" ind1=" " ind2=" ">
    <subfield code="e">In Milano</subfield>
    <subfield code="g">appresso Giacomo Piccaia</subfield>
    <subfield code="g">ad instantia delli heredi di Giacomo Girardone</subfield>
    <subfield code="h">1580</subfield>
  </datafield>
  <datafield tag="215" ind1=" " ind2=" ">
    <subfield code="a">35, \1! p.</subfield>
    <subfield code="c">ill.</subfield>
    <subfield code="d">8ʻ</subfield>
  </datafield>
  <datafield tag="620" ind1=" " ind2=" ">
    <subfield code="a">IT</subfield>
    <subfield code="d">Milano</subfield>
  </datafield>
  <datafield tag="710" ind1="0" ind2="2">
    <subfield code="a">Milano</subfield>
    <subfield code="c"> &lt;Provincia ecclesiastica&gt;</subfield>
    <subfield code="3">7102</subfield>
  </datafield>
  <datafield tag="702" ind1=" " ind2="0">
    <subfield code="a">Carlo</subfield>
    <subfield code="c"> : Borromeo</subfield>
    <subfield code="c"> &lt;santo&gt;</subfield>
    <subfield code="3">IT\ICCU\CNCA\000179</subfield>
  </datafield>
  <datafield tag="712" ind1="0" ind2="0">
    <subfield code="a">Piccaglia, Giacomo</subfield>
    <subfield code="3">IT\ICCU\CNCT\000413</subfield>
    <subfield code="4">650</subfield>
  </datafield>
  <datafield tag="712" ind1="0" ind2="0">
    <subfield code="a">Girardoni, Giacomo - eredi</subfield>
    <subfield code="3">IT\ICCU\CNCT\003874</subfield>
    <subfield code="4">650</subfield>
  </datafield>
  <datafield tag="791" ind1="0" ind2="2">
    <subfield code="a">Provincia Mediolanensis</subfield>
    <subfield code="3">26357</subfield>
    <subfield code="z">Milano &lt;Provincia ecclesiastica&gt;</subfield>
  </datafield>
  <datafield tag="790" ind1=" " ind2="1">
    <subfield code="a">Borromeo,</subfield>
    <subfield code="b">Carlo</subfield>
    <subfield code="3">IT\ICCU\CNCA\008182</subfield>
    <subfield code="z">Carlo : Borromeo &lt;santo&gt;</subfield>
  </datafield>
  <datafield tag="791" ind1="0" ind2="0">
    <subfield code="a">Picalea, Iacobus</subfield>
    <subfield code="3">IT\ICCU\CNCT\002508</subfield>
    <subfield code="z">Piccaglia, Giacomo</subfield>
  </datafield>
  <datafield tag="791" ind1="0" ind2="0">
    <subfield code="a">Piccaia, Giacomo</subfield>
    <subfield code="3">IT\ICCU\CNCT\002509</subfield>
    <subfield code="z">Piccaglia, Giacomo</subfield>
  </datafield>
  <datafield tag="791" ind1="0" ind2="0">
    <subfield code="a">Picaglia, Giacomo</subfield>
    <subfield code="3">IT\ICCU\CNCT\005418</subfield>
    <subfield code="z">Piccaglia, Giacomo</subfield>
  </datafield>
  <datafield tag="791" ind1="0" ind2="0">
    <subfield code="a">Piccaius, Iacobus</subfield>
    <subfield code="3">IT\ICCU\CNCT\005419</subfield>
    <subfield code="z">Piccaglia, Giacomo</subfield>
  </datafield>
  <datafield tag="791" ind1="0" ind2="0">
    <subfield code="a">Piccalia, Iacobus</subfield>
    <subfield code="3">IT\ICCU\CNCT\005420</subfield>
    <subfield code="z">Piccaglia, Giacomo</subfield>
  </datafield>
  <datafield tag="801" ind1=" " ind2="3">
    <subfield code="a">IT</subfield>
    <subfield code="b">ICCU</subfield>
    <subfield code="c">20201115</subfield>
  </datafield>
  <datafield tag="899" ind1=" " ind2=" ">
    <subfield code="a">Biblioteca nazionale Braidense. Milano</subfield>
    <subfield code="1">MI0185</subfield>
    <subfield code="2">MIL NB</subfield>
  </datafield>
</record>
</collection>
